@article{greenwade93,
    author  = "George D. Greenwade",
    title   = "The {C}omprehensive {T}ex {A}rchive {N}etwork ({CTAN})",
    year    = "1993",
    journal = "TUGBoat",
    volume  = "14",
    number  = "3",
    pages   = "342--351"
}
@article{Bandt2002,
  title={Permutation entropy: a natural complexity measure for time series},
  author={Bandt, Christoph and Pompe, Bernd},
  journal={Physical review letters},
  volume={88},
  number={17},
  pages={174102},
  year={2002},
  publisher={APS}
}